@article{merton,
  title={On the pricing of corporate debt: The risk structure of interest rates},
  author={Merton, Robert C},
  journal={The Journal of finance},
  volume={29},
  number={2},
  pages={449--470},
  year={1974},
  publisher={JSTOR}
}
@book{bjork2009arbitrage,
  title={Arbitrage theory in continuous time},
  author={Bj{\"o}rk, Tomas},
  year={2009},
  publisher={Oxford university press}
}

@misc{bitmex,
  title = {BitMEX Perpetual Contracts Guide},
  author={BitMEX},
  year={2021},
  howpublished = {\url{https://www.bitmex.com/app/perpetualContractsGuide}},
  note = {Accessed: 2021-08-06}
}


@article{LCH,
  title={Best Practices in CCP Risk Management},
  author={LCH},
  year={2021},
  publisher={LCH Group White Papers, https://www.lch.com/resources/content-hub}
}
@article{turnbull1991quick,
  title={A quick algorithm for pricing European average options},
  author={Turnbull, Stuart M and Wakeman, Lee Macdonald},
  journal={Journal of financial and quantitative analysis},
  pages={377--389},
  year={1991},
  publisher={JSTOR}
}
@article{henriksen2008lognormal,
  title={Lognormal moment matching and pricing of basket options},
  author={Henriksen, P{\aa}l Nicolai},
  journal={Preprint series. Statistical Research Report http://urn. nb. no/URN: NBN: no-23420},
  year={2008},
  publisher={Matematisk Institutt, Universitetet i Oslo}
}
@article{borovkova2007closed,
  title={A closed form approach to the valuation and hedging of basket and spread option},
  author={Borovkova, Svetlana and Permana, Ferry J and Weide, Hans VD},
  journal={The Journal of Derivatives},
  volume={14},
  number={4},
  pages={8--24},
  year={2007},
  publisher={Institutional Investor Journals Umbrella}
}